<?xml version="1.0" encoding="UTF-8"?><collection xmlns="http://www.loc.gov/MARC21/slim"><record><leader>00417nam--2200145-i-4500</leader><controlfield tag="001">000046965</controlfield><controlfield tag="002">20161230</controlfield><controlfield tag="005">20170121234930</controlfield><controlfield tag="008">060222s1000------------r-----000-0-eng-d</controlfield><datafield ind1=" " ind2=" " tag="100"><subfield code="a">Watson, W. H</subfield></datafield><datafield ind1=" " ind2=" " tag="245"><subfield code="a">The physical principles of wave guide transmision and antenna systems</subfield></datafield><datafield ind1=" " ind2=" " tag="260"><subfield code="a">Oxford</subfield><subfield code="b">At The Clarendon Press</subfield><subfield code="c">[1947]</subfield></datafield><datafield ind1=" " ind2=" " tag="300"><subfield code="a">2 pl.+XIII+207 p.+1 tab</subfield></datafield><datafield ind1=" " ind2=" " tag="852"><subfield code="a">974</subfield></datafield><datafield ind1=" " ind2=" " tag="CAT"><subfield code="a">SYS</subfield><subfield code="c">20170121</subfield><subfield code="h">234930</subfield></datafield></record></collection>